<?xml version="1.0" encoding="UTF-8" ?>
<collection xmlns:xsi="http://www.w3.org/2001/XMLSchema-instance"
    xsi:schemaLocation="http://www.loc.gov/MARC21/slim
        http://www.loc.gov/standards/marcxml/schema/MARC21slim.xsd"
    xmlns="http://www.loc.gov/MARC21/slim">
<record>
  <leader>00337cam a2200685 ia4500</leader>
  <controlfield tag="001">b12527427</controlfield>
  <controlfield tag="003">LeBAU</controlfield>
  <controlfield tag="005">20140416</controlfield>
  <controlfield tag="008">110524s1953    ua            ||1 0 ara d</controlfield>
  <datafield tag="035" ind1=" " ind2=" ">
    <subfield code="a">ocn784384918</subfield>
  </datafield>
  <datafield tag="040" ind1=" " ind2=" ">
    <subfield code="a">LEAUB</subfield>
    <subfield code="b">ara</subfield>
    <subfield code="e">rda</subfield>
    <subfield code="c">LEAUB</subfield>
    <subfield code="d">LEAUB</subfield>
  </datafield>
  <datafield tag="082" ind1="0" ind2="4">
    <subfield code="a">892.708</subfield>
    <subfield code="2">22</subfield>
  </datafield>
  <datafield tag="100" ind1="1" ind2=" ">
    <subfield code="6">880-01</subfield>
    <subfield code="a">Ibn ʻAbd Rabbih, Aḥmad ibn Muḥammad,</subfield>
    <subfield code="d">860-940,</subfield>
    <subfield code="e">author.</subfield>
  </datafield>
  <datafield tag="245" ind1="1" ind2="0">
    <subfield code="6">880-02</subfield>
    <subfield code="a">al-ʻIqd al-farīd /</subfield>
    <subfield code="c">ta’līf al-Faqīh Aḥmad ibn Muḥammad ibn ʻAbd Rabbih al-Andalusī, al-mutawaffá sanat 328 H. ; bi-taḥqīq Muḥammad Saʻīd al-ʻIryān.</subfield>
  </datafield>
  <datafield tag="250" ind1=" " ind2=" ">
    <subfield code="6">880-03</subfield>
    <subfield code="a">al-Ṭabʻah al-thānīyah.</subfield>
  </datafield>
  <datafield tag="264" ind1=" " ind2="1">
    <subfield code="6">880-04</subfield>
    <subfield code="a">al-Qāhirah :</subfield>
    <subfield code="b">Maṭbaʻat al-Istiqāmah,</subfield>
    <subfield code="c">1372 [H.] = 1953 [M.]</subfield>
  </datafield>
  <datafield tag="300" ind1=" " ind2=" ">
    <subfield code="6">880-05</subfield>
    <subfield code="a">8 volumes ;</subfield>
    <subfield code="c">28 cm</subfield>
  </datafield>
  <datafield tag="336" ind1=" " ind2=" ">
    <subfield code="a">text</subfield>
    <subfield code="b">txt</subfield>
    <subfield code="2">rdacontent</subfield>
  </datafield>
  <datafield tag="337" ind1=" " ind2=" ">
    <subfield code="a">unmediated</subfield>
    <subfield code="b">n</subfield>
    <subfield code="2">rdamedia</subfield>
  </datafield>
  <datafield tag="338" ind1=" " ind2=" ">
    <subfield code="a">volume</subfield>
    <subfield code="b">nc</subfield>
    <subfield code="2">rdacarrier</subfield>
  </datafield>
  <datafield tag="500" ind1=" " ind2=" ">
    <subfield code="a">يتضمن كشافات.</subfield>
  </datafield>
  <datafield tag="500" ind1=" " ind2=" ">
    <subfield code="a">تم تجليد الأجزاء الثمانية في 4 مجلدات مادية في المكتبة.</subfield>
  </datafield>
  <datafield tag="500" ind1=" " ind2=" ">
    <subfield code="a">"يطلب من المكتبة التجارية الكبرى: شارع محمد علي بمصر"</subfield>
  </datafield>
  <datafield tag="650" ind1=" " ind2="4">
    <subfield code="a">الادب العربي</subfield>
    <subfield code="v">اعمال قديمة حتى 1800.</subfield>
  </datafield>
  <datafield tag="650" ind1=" " ind2="4">
    <subfield code="a">الشعر العربي</subfield>
    <subfield code="v">أعمال قديمة حتى 1800.</subfield>
  </datafield>
  <datafield tag="650" ind1=" " ind2="4">
    <subfield code="a">الشعراء العرب</subfield>
    <subfield code="x">أعمال قديمة حتى 1800.</subfield>
  </datafield>
  <datafield tag="650" ind1=" " ind2="4">
    <subfield code="a">الظرف والفكاهة العربية</subfield>
    <subfield code="v">اعمال قديمة حتى 1800.</subfield>
  </datafield>
  <datafield tag="650" ind1=" " ind2="0">
    <subfield code="a">Arabic literature</subfield>
    <subfield code="v">Early works to 1800.</subfield>
  </datafield>
  <datafield tag="650" ind1=" " ind2="0">
    <subfield code="a">Arabic poetry</subfield>
    <subfield code="v">Early works to 1800.</subfield>
  </datafield>
  <datafield tag="650" ind1=" " ind2="0">
    <subfield code="a">Poets, Arab</subfield>
    <subfield code="v">Early works to 1800.</subfield>
  </datafield>
  <datafield tag="650" ind1=" " ind2="0">
    <subfield code="a">Arabic wit and humor</subfield>
    <subfield code="v">Early works to 1800.</subfield>
  </datafield>
  <datafield tag="700" ind1="1" ind2=" ">
    <subfield code="6">880-06</subfield>
    <subfield code="a">ʻIryān, Muḥammad Saʻīd,</subfield>
    <subfield code="e">compiler.</subfield>
  </datafield>
  <datafield tag="775" ind1="0" ind2=" ">
    <subfield code="6">880-07</subfield>
    <subfield code="i">has designation of edition</subfield>
    <subfield code="4">http://rdaregistry.info/Elements/m/P30133 :</subfield>
    <subfield code="t">Kitāb al-ʻIqd al-farīd</subfield>
    <subfield code="d">Bayrūt : Dār al-Kitāb al-ʻArabī, 1403 H. = 1983 M.</subfield>
    <subfield code="w">b19168287</subfield>
  </datafield>
  <datafield tag="775" ind1="0" ind2=" ">
    <subfield code="6">880-08</subfield>
    <subfield code="i">has designation of edition</subfield>
    <subfield code="4">http://rdaregistry.info/Elements/m/P30133 :</subfield>
    <subfield code="t">al-ʻIqd al-farīd</subfield>
    <subfield code="d">Bayrūt : Maktabat Ṣādir, 1951-1955</subfield>
    <subfield code="w">(OCoLC)784425341</subfield>
    <subfield code="w">(OCoLC)784425341</subfield>
  </datafield>
  <datafield tag="775" ind1="0" ind2=" ">
    <subfield code="6">880-09</subfield>
    <subfield code="i">has designation of edition</subfield>
    <subfield code="4">http://rdaregistry.info/Elements/m/P30133 :</subfield>
    <subfield code="t">al-ʻIqd al-farīd.</subfield>
    <subfield code="b">al-Ṭabʻah al-ūlá</subfield>
    <subfield code="d">Miṣr : al-Maṭbaʻah al-Jamālīyah, 1331 H, 1913 M.</subfield>
    <subfield code="w">(OCoLC)784384950</subfield>
    <subfield code="w">(OCoLC)784384950</subfield>
  </datafield>
  <datafield tag="775" ind1="0" ind2=" ">
    <subfield code="6">880-10</subfield>
    <subfield code="i">has designation of edition</subfield>
    <subfield code="4">http://rdaregistry.info/Elements/m/P30133 :</subfield>
    <subfield code="t">al-ʻIqd al-farīd.</subfield>
    <subfield code="b">al-Ṭabʻah al-thānīyah</subfield>
    <subfield code="d">Bayrūt : Dār al-Masīrah, 1981</subfield>
    <subfield code="w">(OCoLC)784384964</subfield>
    <subfield code="w">(OCoLC)784384964</subfield>
  </datafield>
  <datafield tag="775" ind1="0" ind2=" ">
    <subfield code="6">880-11</subfield>
    <subfield code="i">has designation of edition</subfield>
    <subfield code="4">http://rdaregistry.info/Elements/m/P30133 :</subfield>
    <subfield code="t">al-ʻIqd al-farīd</subfield>
    <subfield code="d">al-Qāhirah, [Miṣr] : Maṭbaʻat Lajnat al-Taʼlīf wa-al-Tarjamah wa-al-Nashr, 1367-1372 H, 1940-1953 M.</subfield>
    <subfield code="w">(OCoLC)784384955</subfield>
    <subfield code="w">(OCoLC)784384955</subfield>
  </datafield>
  <datafield tag="775" ind1="0" ind2=" ">
    <subfield code="6">880-12</subfield>
    <subfield code="i">has designation of edition</subfield>
    <subfield code="4">http://rdaregistry.info/Elements/m/P30133 :</subfield>
    <subfield code="t">al-ʻIqd al-farīd</subfield>
    <subfield code="d">Bayrūt : Dār al-Kitāb al-ʻArabī, 1406 H. = 1986 M.</subfield>
    <subfield code="w">b19179947</subfield>
  </datafield>
  <datafield tag="775" ind1="0" ind2=" ">
    <subfield code="6">880-13</subfield>
    <subfield code="i">has designation of edition</subfield>
    <subfield code="4">http://rdaregistry.info/Elements/m/P30133 :</subfield>
    <subfield code="t">al-ʻIqd al-farīd.</subfield>
    <subfield code="b">al-Ṭabʻah al-thānīyah.</subfield>
    <subfield code="d">Miṣr : al-Maṭbaʻah al-Azharīyah, 1346 H. = 1928 M.</subfield>
    <subfield code="w">(OCoLC)936117202</subfield>
    <subfield code="w">(OCoLC)936117202</subfield>
  </datafield>
  <datafield tag="852" ind1=" " ind2=" ">
    <subfield code="a">Jafet Library</subfield>
    <subfield code="e">American University of Beirut, Bliss Street , Beirut, Lebanon.</subfield>
  </datafield>
  <datafield tag="880" ind1="1" ind2=" ">
    <subfield code="6">100-01/(3/r</subfield>
    <subfield code="a">إبن عبد ربه، أحمد بن محمد،</subfield>
    <subfield code="d">860-940،</subfield>
    <subfield code="e">مؤلف. </subfield>
    <subfield code="4">aut.</subfield>
  </datafield>
  <datafield tag="880" ind1=" " ind2=" ">
    <subfield code="6">250-03/(3/r</subfield>
    <subfield code="a">الطبعة الثانية.</subfield>
  </datafield>
  <datafield tag="880" ind1="1" ind2="3">
    <subfield code="6">245-02/(3/r</subfield>
    <subfield code="a">العقد الفريد /</subfield>
    <subfield code="c">تأليف الفقيه أحمد بن محمد بن عبد ربه الأندلسي، المتوفى سنة 328 هـ. ؛ بتحقيق محمد سعيد العريان.</subfield>
  </datafield>
  <datafield tag="880" ind1=" " ind2="1">
    <subfield code="6">264-04/(3/r</subfield>
    <subfield code="a">القاهرة :</subfield>
    <subfield code="b">مطبعة الإستقامة،</subfield>
    <subfield code="c">1372 [هـ.] = 1953 [م.]</subfield>
  </datafield>
  <datafield tag="880" ind1=" " ind2=" ">
    <subfield code="6">300-05/(3/r</subfield>
    <subfield code="a">8 أجزاء ؛</subfield>
    <subfield code="c">28 سم</subfield>
  </datafield>
  <datafield tag="880" ind1="1" ind2=" ">
    <subfield code="6">700-06/(3/r</subfield>
    <subfield code="a">العريان، محمد سعيد،</subfield>
    <subfield code="e">محقق. </subfield>
    <subfield code="4">ann.</subfield>
  </datafield>
  <datafield tag="880" ind1="0" ind2="8">
    <subfield code="6">775-07/(3/r</subfield>
    <subfield code="i">دلالة على الطبعة</subfield>
    <subfield code="4">http://rdaregistry.info/Elements/m/P30133 :</subfield>
    <subfield code="t">كتاب العقد الفريد</subfield>
    <subfield code="d">بيروت : دار الكتاب العربي، 1403 هـ. = 1983 م.</subfield>
    <subfield code="w">b19168287</subfield>
  </datafield>
  <datafield tag="880" ind1="0" ind2="8">
    <subfield code="6">775-08/(3/r</subfield>
    <subfield code="i">دلالة على الطبعة</subfield>
    <subfield code="4">http://rdaregistry.info/Elements/m/P30133 :</subfield>
    <subfield code="t">العقد الفريد</subfield>
    <subfield code="d">بيروت : مكتبة صادر، 1951-1955</subfield>
    <subfield code="w">b12601950</subfield>
    <subfield code="w">(OCoLC)784425341</subfield>
  </datafield>
  <datafield tag="880" ind1="0" ind2="8">
    <subfield code="6">775-09/(3/r</subfield>
    <subfield code="i">دلالة على الطبعة</subfield>
    <subfield code="4">http://rdaregistry.info/Elements/m/P30133 :</subfield>
    <subfield code="t">العقد الفريد.</subfield>
    <subfield code="b">الطبعة الأولى</subfield>
    <subfield code="d">مصر : المطبعة الجمالية، 1331 هـ. = 1913 م.</subfield>
    <subfield code="w">b12527452</subfield>
    <subfield code="w">(OCoLC)784384950</subfield>
  </datafield>
  <datafield tag="880" ind1="0" ind2="8">
    <subfield code="6">775-10/(3/r</subfield>
    <subfield code="i">دلالة على الطبعة</subfield>
    <subfield code="4">http://rdaregistry.info/Elements/m/P30133 :</subfield>
    <subfield code="t">العقد الفريد.</subfield>
    <subfield code="b">الطبعة الثانية</subfield>
    <subfield code="d">بيروت : دار المسيرة، 1981</subfield>
    <subfield code="w">b12527476</subfield>
    <subfield code="w">(OCoLC)784384964</subfield>
  </datafield>
  <datafield tag="880" ind1="0" ind2="8">
    <subfield code="6">775-11/(3/r</subfield>
    <subfield code="i">دلالة على الطبعة</subfield>
    <subfield code="4">http://rdaregistry.info/Elements/m/P30133 :</subfield>
    <subfield code="t">العقد الفريد</subfield>
    <subfield code="d">القاهرة، [مصر] : مطبعة لجنة التأليف والترجمة والنشر، 1367-1372 هـ. = 1940-1953 م.</subfield>
    <subfield code="w">b12527464</subfield>
    <subfield code="w">(OCoLC)784384955</subfield>
  </datafield>
  <datafield tag="880" ind1="0" ind2="8">
    <subfield code="6">775-12/(3/r</subfield>
    <subfield code="i">دلالة على الطبعة</subfield>
    <subfield code="4">http://rdaregistry.info/Elements/m/P30133 :</subfield>
    <subfield code="t">العقد الفريد</subfield>
    <subfield code="d">بيروت : دار الكتاب العربي، 1406 هـ. = 1986 م.</subfield>
    <subfield code="w">b19179947</subfield>
  </datafield>
  <datafield tag="880" ind1="0" ind2="8">
    <subfield code="6">775-13/(3/r</subfield>
    <subfield code="i">دلالة على الطبعة</subfield>
    <subfield code="4">http://rdaregistry.info/Elements/m/P30133 :</subfield>
    <subfield code="t">العقد الفريد.</subfield>
    <subfield code="b">الطبعة الثانية.</subfield>
    <subfield code="d">مصر : المطبعة الأزهرية، 1346 هـ. = 1928 م.</subfield>
    <subfield code="w">b17609756</subfield>
    <subfield code="w">(OCoLC)936117202</subfield>
  </datafield>
  <datafield tag="907" ind1=" " ind2=" ">
    <subfield code="a">.b12527427</subfield>
    <subfield code="b">18-09-18</subfield>
    <subfield code="c">11-05-24</subfield>
  </datafield>
  <datafield tag="907" ind1=" " ind2=" ">
    <subfield code="a">.b12527427</subfield>
    <subfield code="b">11-10-11</subfield>
    <subfield code="c">11-05-24</subfield>
  </datafield>
  <datafield tag="945" ind1=" " ind2=" ">
    <subfield code="f">J</subfield>
    <subfield code="a">892.708:I132iA:1953:v.1-2</subfield>
    <subfield code="i">01032504</subfield>
    <subfield code="j">.i13027499</subfield>
    <subfield code="l">u0503</subfield>
  </datafield>
  <datafield tag="945" ind1=" " ind2=" ">
    <subfield code="f">J</subfield>
    <subfield code="a">892.708:I132iA:1953:v.3-4</subfield>
    <subfield code="i">01032505</subfield>
    <subfield code="j">.i13027505</subfield>
    <subfield code="l">u0503</subfield>
  </datafield>
  <datafield tag="945" ind1=" " ind2=" ">
    <subfield code="f">J</subfield>
    <subfield code="a">892.708:I132iA:1953:v.5-6</subfield>
    <subfield code="i">01032506</subfield>
    <subfield code="j">.i13027517</subfield>
    <subfield code="l">u0503</subfield>
  </datafield>
  <datafield tag="945" ind1=" " ind2=" ">
    <subfield code="f">J</subfield>
    <subfield code="a">892.708:I132iA:1953:v.7-8</subfield>
    <subfield code="i">01032507</subfield>
    <subfield code="j">.i13027529</subfield>
    <subfield code="l">u0503</subfield>
  </datafield>
  <datafield tag="998" ind1=" " ind2=" ">
    <subfield code="a">u05</subfield>
    <subfield code="b">97-07-19</subfield>
    <subfield code="c">m</subfield>
    <subfield code="d">a  </subfield>
    <subfield code="e">-</subfield>
    <subfield code="f">ara</subfield>
    <subfield code="g">ua </subfield>
    <subfield code="h">0</subfield>
    <subfield code="i">4</subfield>
  </datafield>
</record>
</collection>
